% This file was created with JabRef 2.10.
% Encoding: UTF-8
@book{wasserman1994social,
	title={Social network analysis: Methods and applications},
	author={Wasserman, Stanley and Faust, Katherine},
	volume={8},
	year={1994},
	publisher={Cambridge university press}
}

@article{moody2005dynamic,
  title={Dynamic network visualization 1},
  author={Moody, James and McFarland, Daniel and Bender-deMoll, Skye},
  journal={American journal of sociology},
  volume={110},
  number={4},
  pages={1206--1241},
  year={2005},
  publisher={The University of Chicago Press}
}

@article{palla2005uncovering,
  title={Uncovering the overlapping community structure of complex networks in nature and society},
  author={Palla, Gergely and Der{\'e}nyi, Imre and Farkas, Ill{\'e}s and Vicsek, Tam{\'a}s},
  journal={Nature},
  volume={435},
  number={7043},
  pages={814--818},
  year={2005},
  publisher={Nature Publishing Group}
}

@book{newman2010networks,
  title={Networks: An Introduction},
  author={Newman, M.},
  isbn={9780199206650},
  lccn={2010006011},
  url={https://books.google.de/books?id=-DgTDAAAQBAJ},
  year={2010},
  publisher={OUP Oxford}
}

@article{fortunato2010community,
  title={Community detection in graphs},
  author={Fortunato, Santo},
  journal={Physics reports},
  volume={486},
  number={3},
  pages={75--174},
  year={2010},
  publisher={Elsevier}
}

@inproceedings{pons2005computing,
  title={Computing communities in large networks using random walks},
  author={Pons, Pascal and Latapy, Matthieu},
  booktitle={International Symposium on Computer and Information Sciences},
  pages={284--293},
  year={2005},
  organization={Springer}
}

@article{blonder2011time,
  title={Time-ordered networks reveal limitations to information flow in ant colonies},
  author={Blonder, Benjamin and Dornhaus, Anna},
  journal={PloS one},
  volume={6},
  number={5},
  pages={e20298},
  year={2011},
  publisher={Public Library of Science}
}

@book{krause2014animal,
  title={Animal social networks},
  author={Krause, Jens and James, Richard and Franks, Daniel and Croft, Darren P},
  year={2014},
  publisher={Oxford University Press, USA}
}

@article{crall2015beetag,
  title={BEEtag: a low-cost, image-based tracking system for the study of animal behavior and locomotion},
  author={Crall, James D and Gravish, Nick and Mountcastle, Andrew M and Combes, Stacey A},
  journal={PloS one},
  volume={10},
  number={9},
  pages={e0136487},
  year={2015},
  publisher={Public Library of Science}
}

@inproceedings{fiala2005comparing,
  title={Comparing artag and artoolkit plus fiducial marker systems},
  author={Fiala, Mark},
  booktitle={Haptic Audio Visual Environments and their Applications, 2005. IEEE International Workshop on},
  pages={6--pp},
  year={2005},
  organization={IEEE}
}

@article{naug2008structure,
  title={Structure of the social network and its influence on transmission dynamics in a honeybee colony},
  author={Naug, Dhruba},
  journal={Behavioral Ecology and Sociobiology},
  volume={62},
  number={11},
  pages={1719--1725},
  year={2008},
  publisher={Springer}
}

@incollection{aynaud2013communities,
  title={Communities in evolving networks: definitions, detection, and analysis techniques},
  author={Aynaud, Thomas and Fleury, Eric and Guillaume, Jean-Loup and Wang, Qinna},
  booktitle={Dynamics On and Of Complex Networks, Volume 2},
  pages={159--200},
  year={2013},
  publisher={Springer}
}

@article{hopcroft2004tracking,
  title={Tracking evolving communities in large linked networks},
  author={Hopcroft, John and Khan, Omar and Kulis, Brian and Selman, Bart},
  journal={Proceedings of the National Academy of Sciences},
  volume={101},
  number={suppl 1},
  pages={5249--5253},
  year={2004},
  publisher={National Acad Sciences}
}

@article{brodka2014community,
  title={Community Evolution},
  author={Br{\'o}dka, Piotr and Saganowski, Stanis{\l}aw and Kazienko, Przemys{\l}aw},
  journal={Encyclopedia of Social Network Analysis and Mining},
  pages={220--232},
  year={2014},
  publisher={Springer}
}

@Book{barabasi2016network,
  Title                    = {Network science},
  Author                   = {Barab{\'a}si, Albert-L{\'a}szl{\'o}},
  Publisher                = {Cambridge University Press},
  Year                     = {2016},

  Owner                    = {alexa},
  Timestamp                = {2017.02.17}
}

@Article{baracchi2014socio,
  Title                    = {A Socio-Spatial Combined Approach Confirms a Highly Compartmentalised Structure in Honeybees},
  Author                   = {Baracchi, David and Cini, Alessandro},
  Journal                  = {Ethology},
  Year                     = {2014},
  Number                   = {12},
  Pages                    = {1167--1176},
  Volume                   = {120},

  Owner                    = {alexa},
  Publisher                = {Wiley Online Library},
  Timestamp                = {2017.02.21}
}

@Article{barrat2004architecture,
  Title                    = {The architecture of complex weighted networks},
  Author                   = {Barrat, Alain and Barthelemy, Marc and Pastor-Satorras, Romualdo and Vespignani, Alessandro},
  Journal                  = {Proceedings of the National Academy of Sciences of the United States of America},
  Year                     = {2004},
  Number                   = {11},
  Pages                    = {3747--3752},
  Volume                   = {101},

  Owner                    = {alexa},
  Publisher                = {National Acad Sciences},
  Timestamp                = {2017.03.04}
}

@Article{barthelemy2005characterization,
  Title                    = {Characterization and modeling of weighted networks},
  Author                   = {Barth{\'e}lemy, Marc and Barrat, Alain and Pastor-Satorras, Romualdo and Vespignani, Alessandro},
  Journal                  = {Physica a: Statistical mechanics and its applications},
  Year                     = {2005},
  Number                   = {1},
  Pages                    = {34--43},
  Volume                   = {346},

  Owner                    = {alexa},
  Publisher                = {Elsevier},
  Timestamp                = {2017.03.04}
}

@Article{brandes2001faster,
  Title                    = {A faster algorithm for betweenness centrality},
  Author                   = {Brandes, Ulrik},
  Journal                  = {Journal of mathematical sociology},
  Year                     = {2001},
  Number                   = {2},
  Pages                    = {163--177},
  Volume                   = {25},

  Owner                    = {alexa},
  Publisher                = {Taylor \& Francis},
  Timestamp                = {2017.03.04}
}

@InCollection{charbonneau2013social,
  Title                    = {Social insects: a model system for network dynamics},
  Author                   = {Charbonneau, Daniel and Blonder, Benjamin and Dornhaus, Anna},
  Booktitle                = {Temporal Networks},
  Publisher                = {Springer},
  Year                     = {2013},
  Pages                    = {217--244},

  Owner                    = {alexa},
  Timestamp                = {2017.02.17}
}

@Article{farine2015constructing,
  Title                    = {Constructing, conducting and interpreting animal social network analysis},
  Author                   = {Farine, Damien R and Whitehead, Hal},
  Journal                  = {Journal of Animal Ecology},
  Year                     = {2015},
  Number                   = {5},
  Pages                    = {1144--1163},
  Volume                   = {84},

  Publisher                = {Wiley Online Library},
  Rating                   = {5}
}

@article{yang2016comparative,
  title={A Comparative Analysis of Community Detection Algorithms on Artificial Networks},
  author={Yang, Zhao and Algesheimer, Ren{\'e} and Tessone, Claudio J},
  journal={Scientific Reports},
  volume={6},
  year={2016},
  publisher={Nature Publishing Group}
}

@article{harenberg2014community,
  title={Community detection in large-scale networks: a survey and empirical evaluation},
  author={Harenberg, Steve and Bello, Gonzalo and Gjeltema, L and Ranshous, Stephen and Harlalka, Jitendra and Seay, Ramona and Padmanabhan, Kanchana and Samatova, Nagiza},
  journal={Wiley Interdisciplinary Reviews: Computational Statistics},
  volume={6},
  number={6},
  pages={426--439},
  year={2014},
  publisher={Wiley Online Library}
}

@article{shizuka2016measuring,
	title={Measuring the robustness of network community structure using assortativity},
	author={Shizuka, Daizaburo and Farine, Damien R},
	journal={Animal behaviour},
	volume={112},
	pages={237--246},
	year={2016},
	publisher={Elsevier}
}

@article{newman2006finding,
	title={Finding community structure in networks using the eigenvectors of matrices},
	author={Newman, Mark EJ},
	journal={Physical review E},
	volume={74},
	number={3},
	pages={036104},
	year={2006},
	publisher={APS}
}

@book{croft2008exploring,
	title={Exploring animal social networks},
	author={Croft, Darren P and James, Richard and Krause, Jens},
	year={2008},
	publisher={Princeton University Press}
}

@Article{jeanson2012long,
  Title                    = {Long-term dynamics in proximity networks in ants},
  Author                   = {Jeanson, Rapha{\"e}l},
  Journal                  = {Animal Behaviour},
  Year                     = {2012},
  Number                   = {4},
  Pages                    = {915--923},
  Volume                   = {83},

  Owner                    = {alexa},
  Publisher                = {Elsevier},
  Timestamp                = {2017.02.17}
}

@Article{mersch2013tracking,
  Title                    = {Tracking individuals shows spatial fidelity is a key regulator of ant social organization},
  Author                   = {Mersch, Danielle P and Crespi, Alessandro and Keller, Laurent},
  Journal                  = {Science},
  Year                     = {2013},
  Number                   = {6136},
  Pages                    = {1090--1093},
  Volume                   = {340},

  Owner                    = {alexa},
  Publisher                = {American Association for the Advancement of Science},
  Timestamp                = {2017.02.17}
}

@Article{newman2001scientific,
  Title                    = {Scientific collaboration networks. II. Shortest paths, weighted networks, and centrality},
  Author                   = {Newman, Mark EJ},
  Journal                  = {Physical review E},
  Year                     = {2001},
  Number                   = {1},
  Pages                    = {016132},
  Volume                   = {64},

  Owner                    = {alexa},
  Publisher                = {APS},
  Timestamp                = {2017.03.04}
}

@Article{otterstatter2007contact,
  Title                    = {Contact networks and transmission of an intestinal pathogen in bumble bee (Bombus impatiens) colonies},
  Author                   = {Otterstatter, Michael C and Thomson, James D},
  Journal                  = {Oecologia},
  Year                     = {2007},
  Number                   = {2},
  Pages                    = {411--421},
  Volume                   = {154},

  Owner                    = {alexa},
  Publisher                = {Springer},
  Timestamp                = {2017.02.18}
}

@article{blonder2012temporal,
  title={Temporal dynamics and network analysis},
  author={Blonder, Benjamin and Wey, Tina W and Dornhaus, Anna and James, Richard and Sih, Andrew},
  journal={Methods in Ecology and Evolution},
  volume={3},
  number={6},
  pages={958--972},
  year={2012},
  publisher={Wiley Online Library}
}

@Article{Pinter-Wollman2014,
  Title                    = {The dynamics of animal social networks: analytical, conceptual, and theoretical advances},
  Author                   = {Pinter-Wollman, Noa and Hobson, Elizabeth A. and Smith, Jennifer E. and Edelman, Andrew J. and Shizuka, Daizaburo and de Silva, Shermin and Waters, James S. and Prager, Steven D. and Sasaki, Takao and Wittemyer, George and Fewell, Jennifer and McDonald, David B.},
  Journal                  = {Behavioral Ecology},
  Year                     = {2014},
  Number                   = {2},
  Pages                    = {242},
  Volume                   = {25},

  Doi                      = {10.1093/beheco/art047},
  Eprint                   = {/oup/backfile/Content_public/Journal/beheco/25/2/10.1093/beheco/art047/2/art047.pdf},
  Url                      = { + http://dx.doi.org/10.1093/beheco/art047}
}

@Article{quevillon2015social,
  Title                    = {Social, spatial, and temporal organization in a complex insect society},
  Author                   = {Quevillon, Lauren E and Hanks, Ephraim M and Bansal, Shweta and Hughes, David P},
  Journal                  = {Scientific reports},
  Year                     = {2015},
  Volume                   = {5},

  Owner                    = {alexa},
  Publisher                = {Nature Publishing Group},
  Timestamp                = {2017.02.17}
}

@Article{saramaki2007generalizations,
  Title                    = {Generalizations of the clustering coefficient to weighted complex networks},
  Author                   = {Saram{\"a}ki, Jari and Kivel{\"a}, Mikko and Onnela, Jukka-Pekka and Kaski, Kimmo and Kertesz, Janos},
  Journal                  = {Physical Review E},
  Year                     = {2007},
  Number                   = {2},
  Pages                    = {027105},
  Volume                   = {75},

  Owner                    = {alexa},
  Publisher                = {APS},
  Timestamp                = {2017.03.04}
}

@Article{wario2015automatic,
  Title                    = {Automatic methods for long-term tracking and the detection and decoding of communication dances in honeybees},
  Author                   = {Wario, Fernando and Wild, Benjamin and Couvillon, Margaret J and Rojas, Ra{\'u}l and Landgraf, Tim},
  Year                     = {2015}
}

@Article{wey2008social,
  Title                    = {Social network analysis of animal behaviour: a promising tool for the study of sociality},
  Author                   = {Wey, Tina and Blumstein, Daniel T and Shen, Weiwei and Jord{\'a}n, Ferenc},
  Journal                  = {Animal behaviour},
  Year                     = {2008},
  Number                   = {2},
  Pages                    = {333--344},
  Volume                   = {75},

  Owner                    = {alexa},
  Publisher                = {Elsevier},
  Timestamp                = {2017.03.04}
}

